@incollection{swiler_2014,
year={2014},
isbn={978-3-319-04279-4},
booktitle={Constraint Programming and Decision Making},
volume={539},
series={Studies in Computational Intelligence},
editor={Ceberio, Martine and Kreinovich, Vladik},
doi={10.1007/978-3-319-04280-0_21},
title={Surrogate Models for Mixed Discrete-Continuous Variables},
url={http://dx.doi.org/10.1007/978-3-319-04280-0_21},
publisher={Springer International Publishing},
author={Swiler, LauraP. and Hough, PatriciaD. and Qian, Peter and Xu, Xu and Storlie, Curtis and Lee, Herbert},
pages={181-202}
}

@article{gabor_tut2002,
  title={Tutorial on Gabor filters},
  author={Movellan, Javier R},
  journal={Open Source Document},
  year={2002}
}

@inproceedings{Tabatabaee:2005:PPT:11057601105822,
 author = {Tabatabaee, Vahid and Tiwari, Ananta and Hollingsworth, Jeffrey K.},
 title = {Parallel Parameter Tuning for Applications with Performance Variability},
 booktitle = {Proceedings of the 2005 ACM/IEEE Conference on Supercomputing},
 series = {SC '05},
 year = {2005},
 isbn = {1-59593-061-2},
 pages = {57--},
 url = {http://dx.doi.org/10.1109/SC.2005.52},
 doi = {10.1109/SC.2005.52},
 acmid = {1105822},
 publisher = {IEEE Computer Society},
 address = {Washington, DC, USA},
}

@book{bailey2010,
  title={Performance tuning of scientific applications},
  author={D. Bailey and R. Lucas and S. Williams},
  year={2010},
  publisher={Chapman \& Hall/CRC Computational Science}
}

@article{spapt2012,
title = "SPAPT: Search Problems in Automatic Performance Tuning ",
journal = "Procedia Computer Science ",
volume = "9",
number = "0",
pages = "1959 - 1968",
year = "2012",
note = "Proceedings of the International Conference on Computational Science, \{ICCS\} 2012 ",
issn = "1877-0509",
doi = "http://dx.doi.org/10.1016/j.procs.2012.04.214",
url = "http://www.sciencedirect.com/science/article/pii/S1877050912003353",
author = "Prasanna Balaprakash and Stefan M. Wild and Boyana Norris",
keywords = "autotuning",
keywords = "empirical tuning",
keywords = "optimization",
keywords = "performance tuning",
keywords = "benchmark",
keywords = "test suite",
keywords = "kernels "
}s

@book{briggs_amgTot2000,
 author = {Briggs, William L. and Henson, Van Emden and McCormick, Steve F.},
 title = {A Multigrid Tutorial: Second Edition},
 year = {2000},
 isbn = {0-89871-462-1},
 publisher = {Society for Industrial and Applied Mathematics},
 address = {Philadelphia, PA, USA},
}

@article{vanek_amg1996,
year={1996},
issn={0010-485X},
journal={Computing},
volume={56},
number={3},
doi={10.1007/BF02238511},
title={Algebraic multigrid by smoothed aggregation for second and fourth order elliptic problems},
url={http://dx.doi.org/10.1007/BF02238511},
publisher={Springer-Verlag},
keywords={65N55; 65F10; Algebraic multigrid; unstructured meshes; automatic coarsening; biharmonic equation; elasticity; plates and shells},
author={VanÄ›k, P. and Mandel, J. and Brezina, M.},
pages={179-196},
language={English}
}


@book{trefethen_nla1997,
  title={Numerical linear algebra},
  author={Trefethen, Lloyd N and Bau III, David},
  number={50},
  year={1997},
  publisher={Siam}
}

@article{Peng_nugget_2013,
author = {Peng, Chien-Yu and Wu, C. F. Jeff},
title = {On the choice of nugget in kriging modeling for deterministic computer experiments},
journal = {Journal of Computational and Graphical Statistics},
volume = {0},
number = {ja},
pages = {null},
year = {2012},
doi = {10.1080/10618600.2012.738961},
URL = {http://www.tandfonline.com/doi/abs/10.1080/10618600.2012.738961},
eprint = {http://www.tandfonline.com/doi/pdf/10.1080/10618600.2012.738961}
}

@inbook {Keane_surr,
title = {Surrogate-Based Optimization},
author = {Keane, Andy},
author = {},
publisher = {John Wiley \& Sons, Ltd},
isbn = {9780470686652},
url = {http://dx.doi.org/10.1002/9780470686652.eae496},
doi = {10.1002/9780470686652.eae496},
keywords = {response surface, curve fit, meta-model, update, search},
booktitle = {Encyclopedia of Aerospace Engineering},
year = {2010},
}


@article{han_surr,
  title={Surrogate-Based Optimization},
  author={Han, Zhong-Hua and Zhang, Ke-Shi}
}

@article{qian_surr_2006,
  title={Building surrogate models based on detailed and approximate simulations},
  author={Qian, Zhiguang and Seepersad, Carolyn Conner and Joseph, V Roshan and Allen, Janet K and Wu, CF Jeff},
  journal={Journal of Mechanical Design},
  volume={128},
  pages={668},
  year={2006}
}

@article{McMillan_MC_1999,
author = {McMillan, Nancy   J. and Sacks, Jerome and Welch, William   J. and Gao, Feng},
title = {ANALYSIS OF PROTEIN ACTIVITY DATA BY GAUSSIAN STOCHASTIC PROCESS MODELS},
journal = {Journal of Biopharmaceutical Statistics},
volume = {9},
number = {1},
pages = {145-160},
year = {1999},
doi = {10.1081/BIP-100101005},
note ={PMID: 10091915},

URL = {http://www.tandfonline.com/doi/abs/10.1081/BIP-100101005},
eprint = {http://www.tandfonline.com/doi/pdf/10.1081/BIP-100101005}
}

@article{Joseph_EC_2007,
    author = {V. Roshan Joseph and James D. Delaney},
    title = {Functionally Induced Priors for the Analysis of Experiments},
    journal = {Technometrics},
    year = {2007},
    pages = {1--11}
}

@article{Yang_slhd_2013,
author="Yang, Jian-Feng and Lin, C.Devon and Qian, Peter Z.G. and Lin, Dennis K.J.",
title="{Construction of sliced orthogonal Latin hypercube designs.}",
language="English",
journal="Stat. Sin. ",
volume="23",
number="3",
pages="1117-1130",
year="2013",
doi={10.5705/ss.2012.0371117Nonparametricdensityestimationinhigh-dimensions},
abstract="{Summary: We propose several methods of constructing a new type of
    design, called a sliced orthogonal Latin hypercube design. Such a design is
    a special orthogonal Latin hypercube design, of first-order or second-order,
    that can be divided into slices of smaller orthogonal Latin hypercube
    designs of the same order. This type of design is useful for computer
    experiments with qualitative and quantitative factors, multiple experiments,
    data pooling, and cross-validation. Examples are given to illustrate the
    proposed methods.}",
keywords="{computer experiment; experimental design; orthogonal array;
    orthogonal design; space-filling design}",
classmath="{*62-99 (Statistics)}",
}

@article{Huang_slhd_2013,
title = "Construction of sliced (nearly) orthogonal Latin hypercube designs ",
journal = "Journal of Complexity ",
volume = "",
number = "0",
pages = " - ",
year = "2013",
note = "",
issn = "0885-064X",
doi = "http://dx.doi.org/10.1016/j.jco.2013.10.004",
url = "http://www.sciencedirect.com/science/article/pii/S0885064X13000812",
author = "Hengzhen Huang and Jian-Feng Yang and Min-Qian Liu",
keywords = "Computer experiment",
keywords = "Correlation",
keywords = "Kronecker sum",
keywords = "Space-filling design "
}


@article{Qian_slhd_2009,
author = {Qian, Peter Z. G. and Wu, C. F. Jeff}, 
title = {Sliced space-filling designs},
volume = {96}, 
number = {4}, 
pages = {945-956}, 
year = {2009}, 
doi = {10.1093/biomet/asp044}, 
abstract ={We propose an approach to constructing a new type of design, a sliced space-filling design, intended for computer experiments with qualitative and quantitative factors. The approach starts with constructing a Latin hypercube design based on a special orthogonal array for the quantitative factors and then partitions the design into groups corresponding to different level combinations of the qualitative factors. The points in each group have good space-filling properties. Some illustrative examples are given.}, 
URL = {http://biomet.oxfordjournals.org/content/96/4/945.abstract}, 
eprint = {http://biomet.oxfordjournals.org/content/96/4/945.full.pdf+html}, 
journal = {Biometrika} 
}

@article{van_lhd_2009,
author = {van Dam, Edwin R. and Rennen, Gijs and Husslage, Bart},
title = {Bounds for Maximin Latin Hypercube Designs},
journal = {Operations Research},
volume = {57},
number = {3},
pages = {595-608},
year = {2009},
doi = {10.1287/opre.1080.0604},
URL = {http://pubsonline.informs.org/doi/abs/10.1287/opre.1080.0604},
eprint = {http://pubsonline.informs.org/doi/pdf/10.1287/opre.1080.0604}
}

@article{Liefvendahl_lhd_2006,
title = "A study on algorithms for optimization of Latin hypercubes ",
journal = "Journal of Statistical Planning and Inference ",
volume = "136",
number = "9",
pages = "3231 - 3247",
year = "2006",
note = "",
issn = "0378-3758",
doi = "http://dx.doi.org/10.1016/j.jspi.2005.01.007",
url = "http://www.sciencedirect.com/science/article/pii/S0378375805000686",
author = "M. Liefvendahl and R. Stocki",
keywords = "Design of experiment",
keywords = "Latin hypercube",
keywords = "Genetic algorithm "
}


@article{Grosso_lhd_2009,
title = "Finding maximin latin hypercube designs by Iterated Local Search heuristics ",
journal = "European Journal of Operational Research ",
volume = "197",
number = "2",
pages = "541 - 547",
year = "2009",
note = "",
issn = "0377-2217",
doi = "http://dx.doi.org/10.1016/j.ejor.2008.07.028",
url = "http://www.sciencedirect.com/science/article/pii/S0377221708006644",
author = "A. Grosso and A.R.M.J.U. Jamali and M. Locatelli",
keywords = "Latin hypercube designs",
keywords = "Maximin designs",
keywords = "Iterated Local Search "
}


@article{QQGP2008,
author = {Qian, Peter Z. G and Wu, Huaiqing and Wu, C. F. Jeff},
title = {Gaussian Process Models for Computer Experiments With Qualitative and Quantitative Factors},
journal = {Technometrics},
volume = {50},
number = {3},
pages = {383-396},
year = {2008},
doi = {10.1198/004017008000000262},
URL = {http://www.tandfonline.com/doi/abs/10.1198/004017008000000262},
eprint = {http://www.tandfonline.com/doi/pdf/10.1198/004017008000000262}
}

@article{QQGP2011,
author = {Zhou, Qiang and Qian, Peter Z. G. and Zhou, Shiyu},
title = {A Simple Approach to Emulation for Computer Models With Qualitative and Quantitative Factors},
journal = {Technometrics},
volume = {53},
number = {3},
pages = {266-273},
year = {2011},
doi = {10.1198/TECH.2011.10025},
URL = {http://amstat.tandfonline.com/doi/abs/10.1198/TECH.2011.10025},
eprint = {http://amstat.tandfonline.com/doi/pdf/10.1198/TECH.2011.10025}
}

@article{Jones_EI_1998,
 author = {Jones, Donald R. and Schonlau, Matthias and Welch, William J.},
 title = {Efficient Global Optimization of Expensive Black-Box Functions},
 journal = {J. of Global Optimization},
 issue_date = {December 1998},
 volume = {13},
 number = {4},
 month = dec,
 year = {1998},
 issn = {0925-5001},
 pages = {455--492},
 numpages = {38},
 url = {http://dx.doi.org/10.1023/A:1008306431147},
 doi = {10.1023/A:1008306431147},
 acmid = {596218},
 publisher = {Kluwer Academic Publishers},
 address = {Hingham, MA, USA},
 keywords = {Bayesian global optimization</kwd>, Kriging</kwd>, Random function</kwd>, Response surface</kwd>, Stochastic process</kwd>, Visualization</kwd>},
}

@book{Forrester_surr,
           month = {July},
           title = {Engineering design via surrogate modelling: a practical guide},
          author = {Alexander Forrester and Andras Sobester and Andy Keane},
       publisher = {Wiley},
            year = {2008},
             url = {http://eprints.soton.ac.uk/64699/}
}

@article{phi_p_crit,
year={2012},
issn={0960-3174},
journal={Statistics and Computing},
doi={10.1007/s11222-012-9363-3},
title={Optimizing Latin hypercube designs by particle swarm},
url={http://dx.doi.org/10.1007/s11222-012-9363-3},
publisher={Springer US},
keywords={Latin hypercube design; Particle swarm optimization; Graphic processing unit (GPU)},
author={Chen, Ray-Bing and Hsieh, Dai-Ni and Hung, Ying and Wang, Weichung},
pages={1-14},
language={English}
}

@book{sant_dace_2003,
    Author = {Santner, T.  J. and Williams B. and Notz W.},
    Title = {The Design and Analysis of Computer Experiments},
    Year = 2003,
    Publisher = {Springer-Verlag},
    Pages = {283}
}

@article{rbc_lhd_2013,
year={2013},
issn={0960-3174},
journal={Statistics and Computing},
volume={23},
number={5},
doi={10.1007/s11222-012-9363-3},
title={Optimizing Latin hypercube designs by particle swarm},
url={http://dx.doi.org/10.1007/s11222-012-9363-3},
publisher={Springer US},
keywords={Latin hypercube design; Particle swarm optimization; Graphic processing unit (GPU)},
author={Chen, Ray-Bing and Hsieh, Dai-Ni and Hung, Ying and Wang, Weichung},
pages={663-676},
language={English}
}

@article{MM_LHD,
title = "Exploratory designs for computational experiments",
journal = "Journal of Statistical Planning and Inference",
volume = "43",
number = "3",
pages = "381 - 402",
year = "1995",
note = "",
issn = "0378-3758",
doi = "10.1016/0378-3758(94)00035-T",
url = "http://www.sciencedirect.com/science/article/pii/037837589400035T",
author = "Max D. Morris and Toby J. Mitchell",
keywords = "Bayesian prediction",
keywords = "Computer experiment",
keywords = "Computer model",
keywords = "Interpolation",
keywords = "Latin hypercube designMaximin design",
keywords = "Random functions"
}

@article{Han2009_predQQ,
author = {Han, Gang and Santner, Thomas J. and Notz, William I. and Bartel, Donald L.},
title = {Prediction for Computer Experiments Having Quantitative and Qualitative Input Variables},
journal = {Technometrics},
volume = {51},
number = {3},
pages = {278-288},
year = {2009},
doi = {10.1198/tech.2009.07132},
URL = {http://amstat.tandfonline.com/doi/abs/10.1198/tech.2009.07132},
eprint = {http://amstat.tandfonline.com/doi/pdf/10.1198/tech.2009.07132}
}

@article{Storlie_2013,
title = "Analysis of computationally demanding models with continuous and categorical inputs ",
journal = "Reliability Engineering \& System Safety ",
volume = "113",
number = "0",
pages = "30 - 41",
year = "2013",
note = "",
issn = "0951-8320",
doi = "http://dx.doi.org/10.1016/j.ress.2012.11.018",
url = "http://www.sciencedirect.com/science/article/pii/S0951832012002487",
author = "Curtis B. Storlie and Brian J. Reich and Jon C. Helton and Laura P. Swiler and Cedric J. Sallaberry",
keywords = "Categorical inputs",
keywords = "Meta-model",
keywords = "Surrogate model",
keywords = "Emulator",
keywords = "Non-parametric regression",
keywords = "Gaussian process",
keywords = "Sensitivity analysis",
keywords = "Uncertainty analysis "
}

@article{sacks_1989,
    abstract = {{Many scientific phenomena are now investigated by complex computer models or codes. A computer experiment is a number of runs of the code with various inputs. A feature of many computer experiments is that the output is deterministic--rerunning the code with the same inputs gives identical observations. Often, the codes are computationally expensive to run, and a common objective of an experiment is to fit a cheaper predictor of the output to the data. Our approach is to model the deterministic output as the realization of a stochastic process, thereby providing a statistical basis for designing experiments (choosing the inputs) for efficient prediction. With this model, estimates of uncertainty of predictions are also available. Recent work in this area is reviewed, a number of applications are discussed, and we demonstrate our methodology with an example.}},
    author = {Sacks, Jerome and Welch, William J. and Mitchell, Toby J. and Wynn, Henry P.},
    citeulike-article-id = {3909848},
    citeulike-linkout-0 = {http://dx.doi.org/10.2307/2245858},
    citeulike-linkout-1 = {http://www.jstor.org/stable/2245858},
    doi = {10.2307/2245858},
    issn = {08834237},
    journal = {Statistical Science},
    keywords = {analysis, design, simulation},
    number = {4},
    pages = {409--423},
    posted-at = {2013-04-02 09:14:05},
    priority = {2},
    publisher = {Institute of Mathematical Statistics},
    title = {{Design and Analysis of Computer Experiments}},
    url = {http://dx.doi.org/10.2307/2245858},
    volume = {4},
    year = {1989}
}

@techreport{DACE_2002a,
    author    = {Lophaven S. N. and Nielsen H. B. and Sondergaard J.},
    title     = "Matlab Kriging Toolbox DACE",
    institution = "Technical University of Denmark",
    type     = "", 
    number   = "IMM-TR-2002-12",
    address  = "",
    year     = "2002",
    month    = "",
    note     = "",
    url      = "http://www2.imm.dtu.dk/~hbn/dace/"
}

@techreport{DACE_2002b,
    author    = {Lophaven S. N. and Nielsen H. B. and Sondergaard J.},
    title     = "Aspects of the Matlab Toolbox DACE,",
    institution = "Technical University of Denmark",
    type     = "", 
    number   = "IMM-REP-2002-13",
    address  = "",
    year     = "2002",
    month    = "",
    note     = "",
    url      = "http://www2.imm.dtu.dk/~hbn/dace/"
}